<record><leader>00000cas a2200000 a 4500</leader><controlfield tag="001">11167321</controlfield><controlfield tag="008">840918d19341962mnusr ne      0    0eng c</controlfield><datafield ind1=" " ind2=" " tag="010"><subfield code="a">sn 93060359 </subfield></datafield><datafield ind1=" " ind2=" " tag="040"><subfield code="a">IWG</subfield><subfield code="b">eng</subfield><subfield code="c">IWG</subfield><subfield code="d">OCL</subfield><subfield code="d">MQN</subfield><subfield code="d">ATL</subfield><subfield code="d">OCLCQ</subfield><subfield code="d">OCLCF</subfield><subfield code="d">OCLCO</subfield></datafield><datafield ind1=" " ind2=" " tag="019"><subfield code="a">1590670</subfield><subfield code="a">42338590</subfield><subfield code="a">42338622</subfield></datafield><datafield ind1="1" ind2=" " tag="029"><subfield code="a">AU@</subfield><subfield code="b">000022026925</subfield></datafield><datafield ind1=" " ind2=" " tag="042"><subfield code="a">pcc</subfield></datafield><datafield ind1=" " ind2=" " tag="043"><subfield code="a">n-us---</subfield></datafield><datafield ind1=" " ind2="4" tag="050"><subfield code="a">BX8057.A1</subfield></datafield><datafield ind1="0" ind2=" " tag="130"><subfield code="a">Lutheran tidings (Cedar Falls, Iowa)</subfield></datafield><datafield ind1="1" ind2="0" tag="245"><subfield code="a">Lutheran tidings.</subfield></datafield><datafield ind1=" " ind2=" " tag="260"><subfield code="a">Cedar Falls, Ia. :</subfield><subfield code="b">Danish Evangelical Lutheran Church in America,</subfield><subfield code="c">1934-1962.</subfield></datafield><datafield ind1=" " ind2=" " tag="300"><subfield code="a">29 v.</subfield></datafield><datafield ind1=" " ind2=" " tag="310"><subfield code="a">Semimonthly,</subfield><subfield code="b">July 5, 1936-1962</subfield></datafield><datafield ind1=" " ind2=" " tag="321"><subfield code="a">Monthly,</subfield><subfield code="b">1934-June 20, 1936</subfield></datafield><datafield ind1="0" ind2=" " tag="362"><subfield code="a">Vol. 1, no. 1 (Aug. 1934) - vol. 29, no. 10 (Dec. 20, 1962).</subfield></datafield><datafield ind1=" " ind2=" " tag="500"><subfield code="a">Title from caption.</subfield></datafield><datafield ind1=" " ind2=" " tag="500"><subfield code="a">Place of publication varies.</subfield></datafield><datafield ind1=" " ind2=" " tag="530"><subfield code="a">Also issued on microfilm by American Theological Library Association.</subfield></datafield><datafield ind1=" " ind2=" " tag="550"><subfield code="a">Published by: American Evangelical Lutheran Church, 1953-1962.</subfield></datafield><datafield ind1=" " ind2=" " tag="580"><subfield code="a">Merged with: Lutheran (Philadelphia, Pa. : 1919), Lutheran counselor, Lutheran companion (Rock Island, Ill. : 1952), to form: Lutheran (Philadelphia, Pa. : 1963).</subfield></datafield><datafield ind1=" " ind2="0" tag="650"><subfield code="a">Lutherans, Danish</subfield><subfield code="z">United States</subfield><subfield code="v">Newspapers.</subfield></datafield><datafield ind1=" " ind2="0" tag="650"><subfield code="a">Lutheran Church</subfield><subfield code="v">Newspapers.</subfield></datafield><datafield ind1=" " ind2="0" tag="650"><subfield code="a">Danish Americans</subfield><subfield code="v">Newspapers.</subfield></datafield><datafield ind1=" " ind2="7" tag="655"><subfield code="a">Newspapers.</subfield><subfield code="2">fast</subfield><subfield code="0">(OCoLC)fst01423814</subfield></datafield><datafield ind1=" " ind2="7" tag="650"><subfield code="a">Danish Americans.</subfield><subfield code="2">fast</subfield><subfield code="0">(OCoLC)fst00887668</subfield></datafield><datafield ind1=" " ind2="7" tag="650"><subfield code="a">Lutheran Church.</subfield><subfield code="2">fast</subfield><subfield code="0">(OCoLC)fst01003996</subfield></datafield><datafield ind1=" " ind2="7" tag="650"><subfield code="a">Lutherans, Danish.</subfield><subfield code="2">fast</subfield><subfield code="0">(OCoLC)fst01004083</subfield></datafield><datafield ind1=" " ind2="7" tag="651"><subfield code="a">United States.</subfield><subfield code="2">fast</subfield><subfield code="0">(OCoLC)fst01204155</subfield></datafield><datafield ind1="2" ind2=" " tag="710"><subfield code="a">Danish Evangelical Lutheran Church in America.</subfield></datafield><datafield ind1="2" ind2=" " tag="710"><subfield code="a">American Evangelical Lutheran Church.</subfield></datafield><datafield ind1="1" ind2=" " tag="776"><subfield code="c">Microfilm</subfield><subfield code="d">American Theological Library Association</subfield><subfield code="w">(DLC)   00221800</subfield><subfield code="w">(OCoLC)18015058</subfield></datafield><datafield ind1="0" ind2="5" tag="780"><subfield code="t">Ungdom</subfield><subfield code="g">Dec. 1944</subfield><subfield code="w">(DLC)   00221798</subfield><subfield code="w">(OCoLC)1767968</subfield></datafield><datafield ind1="1" ind2="7" tag="785"><subfield code="t">Lutheran (Philadelphia, Pa. : 1919)</subfield><subfield code="w">(DLC)   21003015</subfield><subfield code="w">(OCoLC)1605828</subfield></datafield><datafield ind1="1" ind2="7" tag="785"><subfield code="t">Lutheran counselor</subfield><subfield code="w">(OCoLC)1776500</subfield></datafield><datafield ind1="1" ind2="7" tag="785"><subfield code="t">Lutheran companion (Rock Island, Ill. : 1952)</subfield><subfield code="w">(DLC)sn 93060362</subfield><subfield code="w">(OCoLC)1779502</subfield></datafield><datafield ind1="1" ind2="7" tag="785"><subfield code="t">Lutheran (Philadelphia, Pa. : 1963)</subfield><subfield code="w">(DLC)   67000688</subfield><subfield code="w">(OCoLC)1640499</subfield></datafield></record>